@misc{bap,
    title={Binary Analysis Platform},
    howpublished={\url{https://github.com/BinaryAnalysisPlatform/bap}},
    note={Accessed 03/16/2015},
}

@inproceedings{brumley2011bap,
  title={BAP: a binary analysis platform},
  author={Brumley, David and Jager, Ivan and Avgerinos, Thanassis and Schwartz, Edward J},
  booktitle={Computer aided verification},
  pages={463--469},
  year={2011},
  organization={Springer}
}

@misc{dawson,
  title={Finding bugs with system-specific static analysis},
  author={Engler, Dawson},
  howpublished={\url{http://web.stanford.edu/~engler/paste02-talk.pdf}},
  note={Accessed 03/16/2015},
}

@book{dawson2,
  title={A system and language for building system-specific, static analyses},
  author={Hallem, Seth and Chelf, Benjamin and Xie, Yichen and Engler, Dawson},
  volume={37},
  number={5},
  year={2002},
  publisher={ACM}
}

@book{seacord2008cert,
  title={The CERT C secure coding standard},
  author={Seacord, Robert C},
  year={2008},
  publisher={Pearson Education}
}
